<?xml version="1.0" encoding="UTF-8"?><collection xmlns="http://www.loc.gov/MARC21/slim"><record><leader>00456nam--2200169-i-4500</leader><controlfield tag="001">000037789</controlfield><controlfield tag="002">20161230</controlfield><controlfield tag="005">20170205215501</controlfield><controlfield tag="008">060222s1000------------r-----000-0-eng-d</controlfield><datafield ind1=" " ind2=" " tag="100"><subfield code="a">Raman, V</subfield></datafield><datafield ind1=" " ind2=" " tag="245"><subfield code="a">The theory of the propagation of light in polycrystalline media</subfield></datafield><datafield ind1=" " ind2=" " tag="260"><subfield code="a">Bangalore</subfield><subfield code="c">1955</subfield></datafield><datafield ind1=" " ind2=" " tag="300"><subfield code="a">/37-44/p</subfield></datafield><datafield ind1=" " ind2=" " tag="490"><subfield code="a">Memoires Of The Raman Research Inst</subfield></datafield><datafield ind1=" " ind2=" " tag="700"><subfield code="a">Viswanathan, K. S</subfield></datafield><datafield ind1=" " ind2=" " tag="852"><subfield code="a">5958</subfield></datafield><datafield ind1=" " ind2=" " tag="CAT"><subfield code="a">SYS</subfield><subfield code="c">20170205</subfield><subfield code="h">215501</subfield></datafield></record></collection>